@Article{Helnwein2001,
  author    = {Peter Helnwein},
  journal   = {Computer Methods in Applied Mechanics and Engineering},
  title     = {Some remarks on the compressed matrix representation of symmetric second-order and fourth-order tensors},
  year      = {2001},
  month     = {feb},
  number    = {22-23},
  pages     = {2753--2770},
  volume    = {190},
  doi       = {10.1016/s0045-7825(00)00263-2},
  publisher = {Elsevier {BV}},
}

@Book{Simo1998,
  author    = {Simo, J. C. and Hughes, T. J. R.},
  publisher = {Springer-Verlag},
  title     = {Computational Inelasticity},
  year      = {1998},
  doi       = {10.1007/b98904},
}

@Article{Voce1955,
  author    = {Voce, E.},
  journal   = {The Aeronautical Journal},
  title     = {Analysis of Stress Strain Curves},
  year      = {1955},
  month     = {jun},
  number    = {534},
  pages     = {442--442},
  volume    = {59},
  doi       = {10.1017/s0368393100118759},
  publisher = {Cambridge University Press ({CUP})},
}

@Article{Frederick2007,
  author    = {Frederick, C. O. and Armstrong, P. J.},
  journal   = {Materials at High Temperatures},
  title     = {A mathematical representation of the multiaxial {Bauschinger} effect},
  year      = {2007},
  month     = {apr},
  number    = {1},
  pages     = {1--26},
  volume    = {24},
  doi       = {10.3184/096034007x207589},
  publisher = {Maney Publishing},
}

@Article{Zona2012,
  author    = {Zona, Alessandro and Dall'Asta, Andrea},
  journal   = {Journal of Constructional Steel Research},
  title     = {Elastoplastic model for steel buckling-restrained braces},
  year      = {2012},
  month     = {jan},
  number    = {1},
  pages     = {118--125},
  volume    = {68},
  doi       = {10.1016/j.jcsr.2011.07.017},
  publisher = {Elsevier {BV}},
}

@Article{Chaboche1989,
  author    = {Chaboche, J. L.},
  journal   = {International Journal of Plasticity},
  title     = {Constitutive equations for cyclic plasticity and cyclic viscoplasticity},
  year      = {1989},
  month     = {jan},
  number    = {3},
  pages     = {247--302},
  volume    = {5},
  doi       = {10.1016/0749-6419(89)90015-6},
  publisher = {Elsevier {BV}},
}

@Article{Peric1993,
  author    = {Djordje Peri{\'{c}}},
  journal   = {International Journal for Numerical Methods in Engineering},
  title     = {On a class of constitutive equations in viscoplasticity: Formulation and computational issues},
  year      = {1993},
  month     = {apr},
  number    = {8},
  pages     = {1365--1393},
  volume    = {36},
  doi       = {10.1002/nme.1620360807},
  publisher = {Wiley},
}

@Article{Lee1998,
  author    = {Lee, Jeeho and Fenves, Gregory L.},
  journal   = {Journal of Engineering Mechanics},
  title     = {Plastic-Damage Model for Cyclic Loading of Concrete Structures},
  year      = {1998},
  month     = {aug},
  number    = {8},
  pages     = {892--900},
  volume    = {124},
  doi       = {10.1061/(asce)0733-9399(1998)124:8(892)},
  publisher = {American Society of Civil Engineers ({ASCE})},
}

@Article{Lemaitre1985,
  author    = {Lemaitre, Jean},
  journal   = {Computer Methods in Applied Mechanics and Engineering},
  title     = {Coupled elasto-plasticity and damage constitutive equations},
  year      = {1985},
  month     = {sep},
  number    = {1-3},
  pages     = {31--49},
  volume    = {51},
  doi       = {10.1016/0045-7825(85)90026-x},
  publisher = {Elsevier {BV}},
}

@Article{Auricchio1994,
  author    = {Auricchio, F. and Taylor, R. L.},
  journal   = {International Journal for Numerical Methods in Engineering},
  title     = {A generalized elastoplastic plate theory and its algorithmic implementation},
  year      = {1994},
  month     = {aug},
  number    = {15},
  pages     = {2583--2608},
  volume    = {37},
  doi       = {10.1002/nme.1620371506},
  publisher = {Wiley},
}

@Misc{Chang2022,
  author    = {Chang, T. L.},
  title     = {suanPan --- An Open Source, Parallel and Heterogeneous Finite Element Analysis Framework},
  year      = {2022},
  copyright = {Creative Commons Attribution 4.0 International},
  doi       = {10.5281/ZENODO.1285221},
  keywords  = {FEM, HPC, IGA},
  language  = {en},
  publisher = {Zenodo},
}

@Comment{jabref-meta: databaseType:bibtex;}
